% Encoding: UTF-8

@online{NatPerson_2018,
author = {Prof. Dr. Peter Müssig},
title = {natürliche Person},
year = {2018},
url = {https://www.gabler-banklexikon.de/definition/natuerliche-person-60032/version-345763}
}

@book{DSGVO_Art4,
  author         = {Europäisches Parlament},
  title          = {Datenschutz-Grundverordnung},
  chapter        = {4},
  year           = {2016}
}

@online{PersBezDaten_2021,
author = {Eurpäische Union},
title = {Was sind personenbezogene Daten?},
year = {2021},
url = {https://ec.europa.eu/info/law/law-topic/data-protection/reform/what-personal-data_de}
}

@book{DSGVO_Art9,
  author         = {Europäisches Parlament},
  title          = {Datenschutz-Grundverordnung},
  chapter        = {9},
  year           = {2016}
}


@Comment{jabref-meta: databaseType:bibtex;}
